@book{cssem2005,
    title={Continuum Scale Simulation of Engineering Materials},
    author={D. Raabe and F. Roters and F. Barlat and L.-Q. Chen},
    year={2005},
    publisher={Wiley-VCH}
}

@book{pafrm1977,
    title={Principles and Applications of Ferroelectrics and Related Materials},
    author={M. Lines and A. Glass},
    year={1977},
    publisher={Clarendon Press}
}

@book{pfmmse2010,
    title={Phase-Field Methods in Materials Science and Engineering},
    author={N. Provatas and K. Elder},
    year={1998},
    publisher={Wiley-VCH}
}

@book{ppfm2017,
    title={Programming Phase-Field Modeling},
    author={S. Biner},
    year={2017},
    publisher={Springer}
}
